<?xml version="1.0" encoding="UTF-8"?><collection xmlns="http://www.loc.gov/MARC21/slim"><record><leader>00331nam--2200121-i-4500</leader><controlfield tag="001">000033653</controlfield><controlfield tag="002">20161230</controlfield><controlfield tag="005">20161230201039</controlfield><controlfield tag="008">060222s1000------------r-----000-0-eng-d</controlfield><datafield ind1=" " ind2=" " tag="100"><subfield code="a">Neeteson, P.A</subfield></datafield><datafield ind1=" " ind2=" " tag="245"><subfield code="a">Flachentransistoren in der impulstechnik</subfield></datafield><datafield ind1=" " ind2=" " tag="260"><subfield code="a">Eindhoven, Kphilips Technische Bibliotek, K1960. Ix+160p</subfield></datafield><datafield ind1=" " ind2=" " tag="852"><subfield code="a">16015</subfield></datafield></record></collection>